@book{ericlehman,
    author    = {Eric Lehman, F Thomson Leighton, Albert R Meyer},
    title     = {Mathematics for Computer Science},
    year      = {2017},
    publisher = {MCS},
    keywords   = {chapter1secao1}, % Adicione uma palavra-chave
}

@article{artigo2024chapter1sec1,
    author  = {Autor Artigo Secao 1, capitulo 1},
    title   = {Título do Artigo Exemplo},
    journal = {Revista Exemplo},
    year    = {2024},
    volume  = {1},
    number  = {1},
    pages   = {1--10},
    keywords   = {chapter1secao1}, % Adicione uma palavra-chave
}

@book{raymoundmsmullyan,
    author    = {Raymound M. Smullyan},
    title     = {A Beginner's Guide to Mathematical Logic},
    year      = {2014},
    publisher = {Dover},
    keywords   = {chapter1secao1}, % Adicione uma palavra-chave
}

@book{whiteheadandrussell,
    author    = {Whitehead and Russell},
    title     = {Principia Mathematica, Volume I},
    year      = {1910},
    publisher = {Cambridge University Press},
    keywords   = {chapter1secao1}, % Adicione uma palavra-chave
}

@book{judithlgersting,
    author    = {Judith L. Gersting},
    title     = {Fundamentos matemáticos para a ciência da computação: Matemática Discreta e Suas Aplicações},
    year      = {2016},
    publisher = {LTC},
    keywords   = {chapter1secao1}, % Adicione uma palavra-chave
}

@book{shashi,
    author    = {Shashi Mohan Srivastava},
    title     = {A Course on Mathematical Logic, Second Edition},
    year      = {2018},
    publisher = {Springer},
    keywords   = {chapter1secao1}, % Adicione uma palavra-chave
}

@book{wiltold,
    author    = {WITOLD MARCISZEWSKI},
    title     = {DICTIONARY OF LOGIC AS APPLIED IN THE STUDY OF LANGUAGE, Concepts/Methods/Theories},
    year      = {1981},
    publisher = {Springer},
    keywords   = {chapter1secao1}, % Adicione uma palavra-chave
}

@book{laszlo,
    author    = {Laszlo Csirmaz, Zalán Gyenis},
    title     = {Mathematical Logic, Exercises and Solutions},
    year      = {2022},
    publisher = {Springer},
    keywords   = {chapter1secao1}, % Adicione uma palavra-chave
}

@book{wolfgang,
    author    = {Wolfgang Rautenberg},
    title     = {A Concise Introduction to Mathematical Logic, Third Edition},
    year      = {2010},
    publisher = {Springer},
    keywords   = {chapter1secao1}, % Adicione uma palavra-chave
}

@article{artigo2024chapter1sec2,
    author  = {Autor Artigo Secao 2, capitulo 1},
    title   = {Título do Artigo Exemplo},
    journal = {Revista Exemplo},
    year    = {2024},
    volume  = {1},
    number  = {1},
    pages   = {1--10},
    keywords   = {chapter1secao2}, % Adicione uma palavra-chave
}
