@book{exemplochapter2sec1,
    author    = {Autor Exemplo Secao 1, capitulo 2},
    title     = {Título do Livro Exemplo},
    year      = {2024},
    publisher = {Editora Exemplo},
    keywords   = {chapter2secao1}, % Outra palavra-chave
}

@article{artigo2024chapter2sec1,
    author  = {Autor Artigo Secao 1, capitulo 2},
    title   = {Título do Artigo Exemplo},
    journal = {Revista Exemplo},
    year    = {2024},
    volume  = {1},
    number  = {1},
    pages   = {1--10},
    keywords   = {chapter2secao1}, % Outra palavra-chave
}

@book{exemplochapter2sec2,
    author    = {Autor Exemplo Secao 2, capitulo 2},
    title     = {Título do Livro Exemplo},
    year      = {2024},
    publisher = {Editora Exemplo},
    keywords   = {chapter2secao2}, % Outra palavra-chave
}

@article{artigo2024chapter2sec2,
    author  = {Autor Artigo Secao 2, capitulo 2},
    title   = {Título do Artigo Exemplo},
    journal = {Revista Exemplo},
    year    = {2024},
    volume  = {1},
    number  = {1},
    pages   = {1--10},
    keywords   = {chapter2secao2}, % Outra palavra-chave
}